<record><leader>00000cas a22000007a 4500</leader><controlfield tag="001">21729905</controlfield><controlfield tag="008">900607d191619uucouwr ne      0    0eng d</controlfield><datafield ind1=" " ind2=" " tag="010"><subfield code="a">sn 90051382 </subfield></datafield><datafield ind1=" " ind2=" " tag="040"><subfield code="a">CNQ</subfield><subfield code="b">eng</subfield><subfield code="c">CNQ</subfield><subfield code="d">OCLCQ</subfield></datafield><datafield ind1=" " ind2=" " tag="042"><subfield code="a">msc</subfield></datafield><datafield ind1="0" ind2="4" tag="245"><subfield code="a">The Moffat County bell.</subfield></datafield><datafield ind1=" " ind2=" " tag="260"><subfield code="a">Maybell, Moffat County, Colo. :</subfield><subfield code="b">E.B. DeuPree</subfield></datafield><datafield ind1=" " ind2=" " tag="300"><subfield code="a">v.</subfield></datafield><datafield ind1=" " ind2=" " tag="310"><subfield code="a">Weekly</subfield></datafield><datafield ind1="0" ind2=" " tag="362"><subfield code="a">Vol. 1, no. 1 (Apr. 13, 1916)-</subfield></datafield><datafield ind1=" " ind2=" " tag="530"><subfield code="a">Available on microfilm from the Colorado Historical Society.</subfield></datafield><datafield ind1=" " ind2=" " tag="752"><subfield code="a">United States</subfield><subfield code="b">Colorado</subfield><subfield code="c">Moffat</subfield><subfield code="d">Maybell.</subfield></datafield><datafield ind1="0" ind2="0" tag="780"><subfield code="t">Maybell gazette</subfield></datafield></record>